@inproceedings{cheeseman1987stochastic,
  title={A stochastic map for uncertain spatial relationships},
  author={Cheeseman, R.S.M.S.P. and Smith, R. and Self, M.},
  booktitle={Proceedings of 4th International Symposium on Robotics Research},
  year={1987}
}
@article{durrant2006simultaneous,
  title={Simultaneous localisation and mapping (SLAM): Part I the essential algorithms},
  author={Durrant-Whyte, H. and Bailey, T.},
  journal={Robotics and Automation Magazine},
  volume={13},
  number={99},
  pages={80},
  year={2006},
  publisher={Citeseer}
}
@book{ThrunPR2005,
    author = {Thrun, Sebastian and Burgard, Wolfram and Fox, Dieter},
    publisher = {The MIT Press},
    series = {Intelligent robotics and autonomous agents},
    title = {{Probabilistic Robotics (Intelligent Robotics and Autonomous Agents series)}},
    year = {2005}
}

@book{Castellanos:2000:MRL:556293,
 author = {Castellanos, Jose A. and Tardos, Juan D.},
 title = {Mobile Robot Localization and Map Building: A Multisensor Fusion Approach},
 year = {2000},
 isbn = {0792377893},
 publisher = {Kluwer Academic Publishers},
 address = {Norwell, MA, USA},
} 

@MISC{Huang_iteratedslsjf,
   author = {Shoudong Huang and Zhan Wang and Gamini Dissanayake and Udo Frese},
   title = {Iterated SLSJF: A Sparse Local Submap Joining Algorithm with Improved Consistency},
   year = {2008}
}
@ARTICLE{LoopClosing,
author = {A. Martinell , N. Tomatis and R. Siegwart},
title="Some results on SLAM and the closing the loop problem",  
series = {Proc. IEEE/RSJ Int. Conf. Intell. Robots Syst., IROS, },
page = 334,
year = 2005                                                 
}
@book{Dudek,
author = {Dudek, Gregory and Jenkin, Michael},
title = {Computational Principles of Mobile Robotics},
year = {2010},
isbn = {0521871573, 9780521871570},
edition = {2nd},
publisher = {Cambridge University Press},
address = {New York, NY, USA},
}
@book{DBLP,
 author    = {Peter Corke},
 title     = {Robotics, Vision and Control - Fundamental Algorithms in
              MATLAB{\`e}},
 publisher = {Springer},
 series    = {Springer Tracts in Advanced Robotics},
 volume    = {73},
 year      = {2011},
 isbn      = {978-3-642-20143-1},
 pages     = {1-495},
 ee        = {http://dx.doi.org/10.1007/978-3-642-20144-8},
 bibsource = {DBLP, http://dblp.uni-trier.de}
}
@article{masson2007robust,
  title={Robust autonomous navigation and world representation in outdoor environments},
  author={Masson, F. and Nieto, J. and Guivant, J. and Nebot, E.},
  journal={Mobile Robots Perception and Navigation},
  pages={299--320},
  year={2007}
}
@inproceedings{huang2010far,
  title={How far is SLAM from a linear least squares problem?},
  author={Huang, S. and Lai, Y. and Frese, U. and Dissanayake, G.},
  booktitle={Intelligent Robots and Systems (IROS), 2010 IEEE/RSJ International Conference on},
  pages={3011--3016},
  year={2010},
  organization={IEEE}
}     
@ARTICLE{MonoSLAM,
author={Davison, A.J. and Reid, I.D. and Molton, N.D. and Stasse, O.},
journal={Pattern Analysis and Machine Intelligence, IEEE Transactions on},
title={MonoSLAM: Real-Time Single Camera SLAM},
year={2007},
month={june },
volume={29},
number={6},
pages={1052 -1067},
keywords={3D trajectory;MonoSLAM;feature orientation estimation;humanoid robot;monocular camera;real-time single camera SLAM;SLAM (robots);feature extraction;humanoid robots;image sensors;Algorithms;Artificial Intelligence;Computer Systems;Image Enhancement;Image Interpretation, Computer-Assisted;Imaging, Three-Dimensional;Information Storage and Retrieval;Numerical Analysis, Computer-Assisted;Pattern Recognition, Automated;Photogrammetry;Signal Processing, Computer-Assisted;Video Recording;},
doi={10.1109/TPAMI.2007.1049},
ISSN={0162-8828},}
@article{lee2007feature,
  title={Feature-based map building using sparse sonar data in a home-like environment},
  author={Lee, S.J. and Lim, J.H. and Cho, D.W.},
  journal={Journal of mechanical science and technology},
  volume={21},
  number={1},
  pages={74--82},
  year={2007},
  publisher={Springer}
}   
@book{Leonard:1992:DSS:573569,
author = {Leonard, John J. and Durrant-Whyte, Hugh F.},
title = {Directed Sonar Sensing for Mobile Robot Navigation},
year = {1992},
isbn = {0792392426},
publisher = {Kluwer Academic Publishers},
address = {Norwell, MA, USA},
}
@inproceedings{eliazar2004dp,
  title={DP-SLAM 2.0},
  author={Eliazar, A.I. and Parr, R.},
  booktitle={Robotics and Automation, 2004. Proceedings. ICRA'04. 2004 IEEE International Conference on},
  volume={2},
  pages={1314--1320},
  year={2004},
  organization={IEEE}
}
@article{Ozisik_Yavuz_2008, 
title={An Occupancy Grid Based SLAM Method}, 
url={http://ieeexplore.ieee.org/lpdocs/epic03/wrapper.htm?arnumber=4595844}, 
number={July}, 
journal={Conference on Computational Intelligence for Measurement Systems and Applications}, 
publisher={Ieee}, 
author={Ozisik, Ozan and Yavuz, Sirma}, 
year={2008},
 pages={117--119}
}
@article{diard2003survey,
  title={A survey of probabilistic models using the bayesian programming methodology as a unifying framework},
  author={Diard, J. and Bessiere, P. and Mazer, E.},
  year={2003}
}
   
@inproceedings{UKF,
  title={On the Complexity and Consistency of UKF-based SLAM},
  author={Huang, G.P. and Mourikis, A.I. and Roumeliotis, S.I.},
  booktitle={Robotics and Automation, 2009. ICRA'09. IEEE International Conference on},
  pages={4401--4408},
  year={2009},
  organization={IEEE}
}

@misc{Radish,
author = "Andrew Howard and Nicholas Roy", 
year = "2003",
title = "The Robotics Data Set Repository (Radish)",
url = "http://radish.sourceforge.net/",
}
@inproceedings{montemerlo2002fastslam,
  title={FastSLAM: A factored solution to the simultaneous localization and mapping problem},
  author={Montemerlo, M. and Thrun, S. and Koller, D. and Wegbreit, B.},
  booktitle={Proceedings of the National conference on Artificial Intelligence},
  pages={593--598},
  year={2002},
  organization={Menlo Park, CA; Cambridge, MA; London; AAAI Press; MIT Press; 1999}
}
@inproceedings{montemerlo2003fastslam,
  title={FastSLAM 2.0: An improved particle filtering algorithm for simultaneous localization and mapping that provably converges},
  author={Montemerlo, M. and Thrun, S. and Koller, D. and Wegbreit, B.},
  booktitle={International Joint Conference on Artificial Intelligence},
  volume={18},
  pages={1151--1156},
  year={2003},
  organization={LAWRENCE ERLBAUM ASSOCIATES LTD}
}


@Article{Kaess08tro,
  author =       {M. Kaess and A. Ranganathan and F. Dellaert},
  fullauthor =   {Michael Kaess and Ananth Ranganathan and Frank Dellaert},
  title =        {{iSAM}: Incremental Smoothing and Mapping},
  journal =      {IEEE Trans. on Robotics (TRO)},
  volume =       {24},
  number =       {6},
  pages =        {1365-1378},
  month =        dec,
  year =         2008,
}

@Article{Dellaert06ijrr,
  author =       {F. Dellaert and M. Kaess},
  fullauthor =   {Frank Dellaert and Michael Kaess},
  title =        {Square {Root} {SAM}: Simultaneous Localization and Mapping
                  via Square Root Information Smoothing},
  journal =      {Intl. J. of Robotics Research (IJRR)},
  volume =       25,
  number =       12,
  pages =        {1181-1204},
  month =        dec,
  year =         2006,
}
@inproceedings{huang2008iterated,
  title={Iterated SLSJF: A sparse local submap joining algorithm with improved consistency},
  author={Huang, S. and Wang, Z. and Dissanayake, G. and Frese, U.},
  booktitle={Proceedings of the Australasian Conference on Robotics and Automation},
  year={2008}
}
@article{huang2009iterated,
  title={Iterated D-SLAM map joining: evaluating its performance in terms of consistency, accuracy and efficiency},
  author={Huang, S. and Wang, Z. and Dissanayake, G. and Frese, U.},
  journal={Autonomous Robots},
  volume={27},
  number={4},
  pages={409--429},
  year={2009},
  publisher={Springer}
}
@inproceedings{wang2007multi,
  title={Multi-robot simultaneous localization and mapping using D-SLAM framework},
  author={Wang, Z. and Huang, S. and Dissanayake, G.},
  booktitle={Intelligent Sensors, Sensor Networks and Information, 2007. ISSNIP 2007. 3rd International Conference on},
  pages={317--322},
  year={2007},
  organization={IEEE}
}
@INPROCEEDINGS{Julier01acounter,
    author = {Simon J. Julier and Jeffrey K. Uhlmann},
    title = {A Counter Example to the Theory of Simultaneous Localization and Map Building},
    booktitle = {In IEEE Intl. Conf. on Robotics and Automation (ICRA},
    year = {2001},
    pages = {4238--4243}
}
@inproceedings{BaileyNGSN06,
  added-at = {2011-10-28T00:00:00.000+0200},
  author = {Bailey, Tim and Nieto, Juan I. and Guivant, Jos√© E. and Stevens, Michael and Nebot, Eduardo Mario},
  biburl = {http://www.bibsonomy.org/bibtex/2f7928cb5e4b20805da8308c865c28bb4/dblp},
  booktitle = {IROS},
  pages = {3562-3568},
  publisher = {IEEE},
  timestamp = {2011-10-28T00:00:00.000+0200},
  title = {Consistency of the EKF-SLAM Algorithm.},
  url = {http://dblp.uni-trier.de/db/conf/iros/iros2006.html#BaileyNGSN06},
  year = 2006
}
@INPROCEEDINGS{Thrun02d,
  AUTHOR         = {Thrun, S.},
  TITLE          = {Particle Filters in Robotics},
  YEAR           = {2002},
  BOOKTITLE      = {Proceedings of the 17th Annual Conference on 
                    Uncertainty in AI (UAI)}
}

@ARTICLE{Thrun05GS,
  AUTHOR	= {Thrun, S. and Montemerlo, M.},
  TITLE		= {The {GraphSLAM} Algorithm With Applications to Large-Scale Mapping of Urban Structures},
  JOURNAL	= {International Journal on Robotics Research},
  YEAR		= {2005},
  VOLUME	= {25},
  NUMBER	= {5/6},
  PAGES		= {403--430}
}
@inproceedings{Sunderhauf,
    author  = "S\H{u}nderhauf, N. and Protzel, P",
    title   = "Towards a Robust Back-End for Pose Graph SLAM",
    publisher = "Presented at the IEEE International Conference on Robotics and Automation",
    year    = 2012
}
@incollection {multiSEIF,
   author = {Thrun, Sebastian and Liu, Yufeng},
   affiliation = {Department of Computer Science, Stanford University, Stanford, CA  },
   title = {Multi-robot SLAM with Sparse Extended Information Filers},
   booktitle = {Robotics Research},
   series = {Springer Tracts in Advanced Robotics},
   editor = {Dario, Paolo and Chatila, Raja},
   publisher = {Springer Berlin / Heidelberg},
   isbn = {978-3-540-23214-8},
   keyword = {Engineering},
   pages = {254-266},
   volume = {15},
   year = {2005}
}
@INPROCEEDINGS{4399142,
author={Chang, H.J. and Lee, C.S.G. and Hu, Y.C. and Yung-Hsiang Lu},
booktitle={Intelligent Robots and Systems, 2007. IROS 2007. IEEE/RSJ International Conference on}, title={Multi-robot SLAM with topological/metric maps},
year={2007},
month={29 2007-nov. 2},
volume={},
number={},
pages={1467 -1472},
keywords={Pioneer 3-DX robots;map fusion;metric maps;multirobot SLAM;optimization;topological maps;SLAM (robots);multi-robot systems;optimisation;topology;},
doi={10.1109/IROS.2007.4399142},
ISSN={},}
@INPROCEEDINGS{4543634,
author={Andersson, L.A.A. and Nygards, J.},
booktitle={Robotics and Automation, 2008. ICRA 2008. IEEE International Conference on}, title={C-SAM: Multi-Robot SLAM using square root information smoothing},
year={2008},
month={may},
volume={},
number={},
pages={2798 -2805},
keywords={extended Kalman filter method;multi-robot SLAM;robot trajectory;simultaneous localization and mapping method;square root information smoothing;SLAM (robots);multi-robot systems;position control;},
doi={10.1109/ROBOT.2008.4543634},
ISSN={1050-4729},}
@INPROCEEDINGS{5509154,
author={Been Kim and Kaess, M. and Fletcher, L. and Leonard, J. and Bachrach, A. and Roy, N. and Teller, S.},
booktitle={Robotics and Automation (ICRA), 2010 IEEE International Conference on}, title={Multiple relative pose graphs for robust cooperative mapping},
year={2010},
month={may},
volume={},
number={},
pages={3185 -3192},
keywords={SLAM;collaborative helicopter;data association;ground robot experiment;iSAM;incremental smoothing and mapping;loop closing;mobile robot;multirobot solution;nonlinear optimization;online multirobot mapping;pose graph representation;relative pose graph;robust cooperative mapping;simultaneous localization and mapping;SLAM (robots);closed loop systems;graph theory;mobile robots;multi-robot systems;nonlinear programming;sensor fusion;},
doi={10.1109/ROBOT.2010.5509154},
ISSN={1050-4729},}
@INPROCEEDINGS{6224876, 
author={Shoudong Huang and Heng Wang and Frese, U. and Dissanayake, G.}, 
booktitle={Robotics and Automation (ICRA), 2012 IEEE International Conference on}, title={On the number of local minima to the point feature based SLAM problem}, 
year={May}, 
pages={2074-2079}, 
keywords={SLAM (robots);covariance matrices;least squares approximations;optimisation;path planning;robot vision;2D local maps;SLAM problem;globally optimal solution;local search strategies;map joining;nonlinear least squares problem;spherical covariance matrices;Bismuth;Covariance matrix;Educational institutions;Optimization;Robot kinematics;Simultaneous localization and mapping}, 
doi={10.1109/ICRA.2012.6224876}, 
ISSN={1050-4729},}
@ARTICLE{Tard√≥s02robustmapping,
    author = {Juan D. Tard√≥s and Jos√© Neira and Paul M. Newman and John J. Leonard},
    title = {Robust mapping and localization in indoor environments using sonar data},
    journal = {Int. J. Robotics Research},
    year = {2002},
    volume = {21},
    pages = {311--330}
}